@article{DBLP:journals/corr/CadenaCCLSN0L16,
  author    = {Cesar Cadena and
               Luca Carlone and
               Henry Carrillo and
               Yasir Latif and
               Davide Scaramuzza and
               Jos{\'{e}} Neira and
               Ian D. Reid and
               John J. Leonard},
  title     = {Simultaneous Localization And Mapping: Present, Future, and the Robust-Perception
               Age},
  journal   = {CoRR},
  volume    = {abs/1606.05830},
  year      = {2016},
  url       = {http://arxiv.org/abs/1606.05830},
  archivePrefix = {arXiv},
  eprint    = {1606.05830},
  timestamp = {Wed, 07 Jun 2017 14:40:29 +0200},
  biburl    = {http://dblp.org/rec/bib/journals/corr/CadenaCCLSN0L16},
  bibsource = {dblp computer science bibliography, http://dblp.org}
}
@ARTICLE{7782863,
author={C. Forster and Z. Zhang and M. Gassner and M. Werlberger and D. Scaramuzza},
journal={IEEE Transactions on Robotics},
title={SVO: Semidirect Visual Odometry for Monocular and Multicamera Systems},
year={2017},
volume={33},
number={2},
pages={249-265},
keywords={image texture;sensor fusion;SVO;feature-based methods;high-frequency texture;image intensity gradients;monocular systems;multicamera systems;probabilistic depth estimation algorithm;semidirect visual odometry;Cameras;Feature extraction;Optimization;Real-time systems;Robustness;Tracking;Visualization;Robot vision;simultaneous localization and mapping (SLAM)},
doi={10.1109/TRO.2016.2623335},
ISSN={1552-3098},
month={April},}
@ARTICLE{4770175,
author={I. Skog and P. Handel},
journal={IEEE Transactions on Intelligent Transportation Systems},
title={In-Car Positioning and Navigation Technologies: A Survey},
year={2009},
volume={10},
number={1},
pages={4-21},
keywords={Global Positioning System;sensor fusion;Global Positioning System receivers;digital map information;filters;in-car navigation systems;in-car positioning;information fusion technologies;microelectromechanical inertial sensors;radio spectrum usage;radio-based positioning;vehicle motion sensors;Dead reckoning (DR);inertial navigation;information fusion;satellite navigation;vehicle models;vehicle navigation},
doi={10.1109/TITS.2008.2011712},
ISSN={1524-9050},
month={March},}
@article{DBLP:journals/corr/Mur-ArtalT16a,
  author    = {Raul Mur{-}Artal and
               Juan D. Tard{\'{o}}s},
  title     = {{ORB-SLAM2:} an Open-Source {SLAM} System for Monocular, Stereo and
               {RGB-D} Cameras},
  journal   = {CoRR},
  volume    = {abs/1610.06475},
  year      = {2016},
  url       = {http://arxiv.org/abs/1610.06475},
  archivePrefix = {arXiv},
  eprint    = {1610.06475},
  timestamp = {Wed, 07 Jun 2017 14:42:10 +0200},
  biburl    = {http://dblp.org/rec/bib/journals/corr/Mur-ArtalT16a},
  bibsource = {dblp computer science bibliography, http://dblp.org}
}
@INPROCEEDINGS{7353631,
author={J. Engel and J. St√ºckler and D. Cremers},
booktitle={2015 IEEE/RSJ International Conference on Intelligent Robots and Systems (IROS)},
title={Large-scale direct SLAM with stereo cameras},
year={2015},
volume={},
number={},
pages={1935-1942},
keywords={SLAM (robots);robot vision;stereo image processing;illumination invariance;interest-point based methods;large-scale direct SLAM algorithm;microaerial vehicles;pixel depth estimation;static stereo cue;stereo LSD-SLAM algorithm;stereo camera;temporal multiview stereo cue;Cameras;Lighting;Optimization;Real-time systems;Simultaneous localization and mapping;Tracking;Visualization},
doi={10.1109/IROS.2015.7353631},
ISSN={},
month={Sept},}
@article{Brostow:2009:SOC:1464534.1465403,
 author = {Brostow, Gabriel J. and Fauqueur, Julien and Cipolla, Roberto},
 title = {Semantic Object Classes in Video: A High-definition Ground Truth Database},
 journal = {Pattern Recogn. Lett.},
 issue_date = {January, 2009},
 volume = {30},
 number = {2},
 month = jan,
 year = {2009},
 issn = {0167-8655},
 pages = {88--97},
 numpages = {10},
 url = {http://dx.doi.org/10.1016/j.patrec.2008.04.005},
 doi = {10.1016/j.patrec.2008.04.005},
 acmid = {1465403},
 publisher = {Elsevier Science Inc.},
 address = {New York, NY, USA},
 keywords = {42.30.Sy, 42.30.Tz, 87.57.N-, 87.57.nm, Label propagation, Object recognition, Semantic segmentation, Video database, Video understanding},
}
@inproceedings{Lowe:1999:ORL:850924.851523,
 author = {Lowe, David G.},
 title = {Object Recognition from Local Scale-Invariant Features},
 booktitle = {Proceedings of the International Conference on Computer
 Vision-Volume 2 - Volume 2},
 series = {ICCV '99},
 year = {1999},
 isbn = {0-7695-0164-8},
 pages = {1150--},
 url = {http://dl.acm.org/citation.cfm?id=850924.851523},
 acmid = {851523},
 publisher = {IEEE Computer Society},
 address = {Washington, DC, USA},
}
@article{Bay:2008:SRF:1370312.1370556,
 author = {Bay, Herbert and Ess, Andreas and Tuytelaars, Tinne and Van Gool,
 Luc},
 title = {Speeded-Up Robust Features (SURF)},
 journal = {Comput. Vis. Image Underst.},
 issue_date = {June, 2008},
 volume = {110},
 number = {3},
 month = jun,
 year = {2008},
 issn = {1077-3142},
 pages = {346--359},
 numpages = {14},
 url = {http://dx.doi.org/10.1016/j.cviu.2007.09.014},
 doi = {10.1016/j.cviu.2007.09.014},
 acmid = {1370556},
 publisher = {Elsevier Science Inc.},
 address = {New York, NY, USA},
 keywords = {Camera calibration, Feature description, Interest points, Local
 features, Object recognition},
}
@inproceedings{Rublee:2011:OEA:2355573.2356268,
 author = {Rublee, Ethan and Rabaud, Vincent and Konolige, Kurt and Bradski,
 Gary},
 title = {ORB: An Efficient Alternative to SIFT or SURF},
 booktitle = {Proceedings of the 2011 International Conference on Computer
 Vision},
 series = {ICCV '11},
 year = {2011},
 isbn = {978-1-4577-1101-5},
 pages = {2564--2571},
 numpages = {8},
 url = {http://dx.doi.org/10.1109/ICCV.2011.6126544},
 doi = {10.1109/ICCV.2011.6126544},
 acmid = {2356268},
 publisher = {IEEE Computer Society},
 address = {Washington, DC, USA},
}
@Article{Royer2007,
author="Royer, Eric
and Lhuillier, Maxime
and Dhome, Michel
and Lavest, Jean-Marc",
title="Monocular Vision for Mobile Robot Localization and Autonomous Navigation",
journal="International Journal of Computer Vision",
year="2007",
month="Sep",
day="01",
volume="74",
number="3",
pages="237--260",
abstract="This paper presents a new real-time localization system for a mobile robot. We show that autonomous navigation is possible in outdoor situation with the use of a single camera and natural landmarks. To do that, we use a three step approach. In a learning step, the robot is manually guided on a path and a video sequence is recorded with a front looking camera. Then a structure from motion algorithm is used to build a 3D map from this learning sequence. Finally in the navigation step, the robot uses this map to compute its localization in real-time and it follows the learning path or a slightly different path if desired. The vision algorithms used for map building and localization are first detailed. Then a large part of the paper is dedicated to the experimental evaluation of the accuracy and robustness of our algorithms based on experimental data collected during two years in various environments.",
issn="1573-1405",
doi="10.1007/s11263-006-0023-y",
url="https://doi.org/10.1007/s11263-006-0023-y"
}
@INPROCEEDINGS{7487258,
author={W. Hess and D. Kohler and H. Rapp and D. Andor},
booktitle={2016 IEEE International Conference on Robotics and Automation (ICRA)},
title={Real-time loop closure in 2D LIDAR SLAM},
year={2016},
volume={},
number={},
pages={1271-1278},
keywords={SLAM (robots);data visualisation;distance measurement;optical radar;real-time systems;tree searching;2D LIDAR SLAM;as-built floor plans;backpack mapping platform;branch-and-bound approach;floor plans visualization;portable laser range-finders;real-time loop closure;simultaneous localization and mapping;Buildings;Feature extraction;Laser radar;Optimization;Real-time systems;Simultaneous localization and mapping;Upper bound},
doi={10.1109/ICRA.2016.7487258},
ISSN={},
month={May},}
@article{DBLP:journals/automatica/SchonWN11,
  author    = {Thomas B. Sch{\"{o}}n and
               Adrian Wills and
               Brett Ninness},
  title     = {System identification of nonlinear state-space models},
  journal   = {Automatica},
  volume    = {47},
  number    = {1},
  pages     = {39--49},
  year      = {2011}
}
@ARTICLE{210672,
author={N. J. Gordon and D. J. Salmond and A. F. M. Smith},
journal={IEE Proceedings F - Radar and Signal Processing},
title={Novel approach to nonlinear/non-Gaussian Bayesian state estimation},
year={1993},
volume={140},
number={2},
pages={107-113},
keywords={Bayes methods;Kalman filters;State estimation;filtering and prediction theory;state estimation;tracking;Gaussian noise;algorithm;bearings only tracking problem;bootstrap filter;extended Kalman filter;measurement model;nonGaussian Bayesian state estimation;nonlinear Bayesian state estimation;random samples;recursive Bayesian filters;simulation;state transition model;state vector density;Bayes procedures;Filtering;Kalman filtering;Prediction methods;Tracking},
doi={10.1049/ip-f-2.1993.0015},
ISSN={0956-375X},
month={April},}
@ARTICLE{Dempster77maximumlikelihood,
    author = {A. P. Dempster and N. M. Laird and D. B. Rubin},
    title = {Maximum likelihood from incomplete data via the EM algorithm},
    journal = {JOURNAL OF THE ROYAL STATISTICAL SOCIETY, SERIES B},
    year = {1977},
    volume = {39},
    number = {1},
    pages = {1--38}
}
@ARTICLE{1453762,
author={T. Schon and F. Gustafsson and P. J. Nordlund},
journal={IEEE Transactions on Signal Processing},
title={Marginalized particle filters for mixed linear/nonlinear state-space models},
year=2005,
volume=53,
number=7,
pages={2279-2289},
keywords={Kalman filters;aircraft;aircraft navigation;filtering theory;nonlinear filters;signal processing;state-space methods;Kalman filter;aircraft;marginalized particle filter;mixed linear-nonlinear state-space model;navigation system;nonGaussian filtering;nonlinear state-space model;posterior density function;state estimation;Aircraft navigation;Computational complexity;Density functional theory;Density measurement;Filtering;Noise measurement;Nonlinear filters;Particle filters;State estimation;Time measurement;Kalman filter;marginalization;navigation systems;nonlinear systems;particle filter;state estimation},
doi={10.1109/TSP.2005.849151},
ISSN={1053-587X},
month={July},}
@book{gustafsson2010statistical,
  title={Statistical Sensor Fusion},
  author={Gustafsson, F.},
  isbn={9789144054896},
  url={https://books.google.se/books?id=yd\_2SAAACAAJ},
  year={2010},
  publisher={Studentlitteratur}
}
@article{NINNESS2013631,
title = "UNIT: A freely available system identification toolbox",
journal = "Control Engineering Practice",
volume = "21",
number = "5",
pages = "631 - 644",
year = "2013",
issn = "0967-0661",
doi = "https://doi.org/10.1016/j.conengprac.2012.10.007",
url = "http://www.sciencedirect.com/science/article/pii/S0967066112002286",
author = "Brett Ninness and Adrian Wills and Adam Mills",
keywords = "Parameter estimation, System identification, Maximum Likelihood, Nonlinear system identification, Software"
}
@article{DBLP:journals/corr/WuSH16e,
  author    = {Zifeng Wu and
               Chunhua Shen and
               Anton van den Hengel},
  title     = {Wider or Deeper: Revisiting the ResNet Model for Visual Recognition},
  journal   = {CoRR},
  volume    = {abs/1611.10080},
  year      = {2016},
  url       = {http://arxiv.org/abs/1611.10080},
  archivePrefix = {arXiv},
  eprint    = {1611.10080},
  timestamp = {Wed, 07 Jun 2017 14:40:46 +0200},
  biburl    = {http://dblp.org/rec/bib/journals/corr/WuSH16e},
  bibsource = {dblp computer science bibliography, http://dblp.org}
}
@inproceedings{neuhold2017mapillary,
  title={The mapillary vistas dataset for semantic understanding of street scenes},
  author={Neuhold, Gerhard and Ollmann, Tobias and Bul{\`o}, Samuel Rota and Kontschieder, Peter},
  booktitle={International Conference on Computer Vision (ICCV)},
  year={2017}
}
@inproceedings{hirschmuller2005accurate,
  title={Accurate and efficient stereo processing by semi-global matching and mutual information},
  author={Hirschmuller, Heiko},
  booktitle={Computer Vision and Pattern Recognition, 2005. CVPR 2005. IEEE Computer Society Conference on},
  volume={2},
  pages={807--814},
  year={2005},
  organization={IEEE}
}
@inproceedings{zhao2017pspnet,
  author = {Hengshuang Zhao and
            Jianping Shi and
            Xiaojuan Qi and
            Xiaogang Wang and
            Jiaya Jia},
  title = {Pyramid Scene Parsing Network},
  booktitle = {Proceedings of IEEE Conference on Computer Vision and Pattern Recognition (CVPR)},
  year = {2017}
}